<?xml version="1.0" encoding="UTF-8"?><collection xmlns="http://www.loc.gov/MARC21/slim"><record><leader>00489nam--2200181-i-4500</leader><controlfield tag="001">000011523</controlfield><controlfield tag="002">20161230</controlfield><controlfield tag="005">20161230201029</controlfield><controlfield tag="008">060222s1000------------r-----000-0-eng-d</controlfield><datafield ind1=" " ind2=" " tag="040"><subfield code="a">IFIN-HH</subfield></datafield><datafield ind1=" " ind2=" " tag="080"><subfield code="a">532.546</subfield></datafield><datafield ind1="1" ind2=" " tag="100"><subfield code="a">Bear, Jacob</subfield></datafield><datafield ind1="1" ind2="0" tag="245"><subfield code="a">Dynamics of fluids in porous media</subfield><subfield code="c">Jacob Bear</subfield></datafield><datafield ind1=" " ind2=" " tag="260"><subfield code="a">New York, American Elsevier Publishing Co.,Inc 1972,</subfield></datafield><datafield ind1=" " ind2=" " tag="300"><subfield code="a">764 P</subfield></datafield><datafield ind1=" " ind2=" " tag="490"><subfield code="a">Environmental Science Series</subfield></datafield><datafield ind1=" " ind2=" " tag="852"><subfield code="a">42740</subfield><subfield code="c">532</subfield></datafield><datafield ind1=" " ind2=" " tag="CAT"><subfield code="a">Sys</subfield><subfield code="c">20100720</subfield><subfield code="h">134127</subfield></datafield></record></collection>